<?xml version="1.0" encoding="UTF-8"?><collection xmlns="http://www.loc.gov/MARC21/slim"><record><leader>00417nam--2200157-i-4500</leader><controlfield tag="001">000040532</controlfield><controlfield tag="002">20161230</controlfield><controlfield tag="005">20161230201042</controlfield><controlfield tag="008">060222s1000------------r-----000-0-eng-d</controlfield><datafield ind1=" " ind2=" " tag="080"><subfield code="a">513.882</subfield></datafield><datafield ind1=" " ind2=" " tag="100"><subfield code="a">Schmeidler,Werner</subfield></datafield><datafield ind1=" " ind2=" " tag="245"><subfield code="a">Lineare operatoren in hilbertschen raum</subfield></datafield><datafield ind1=" " ind2=" " tag="260"><subfield code="a">Stuttgart, Teubner, 1954. 89 P</subfield></datafield><datafield ind1=" " ind2=" " tag="490"><subfield code="a">Teubner Math Leitfaden</subfield></datafield><datafield ind1=" " ind2=" " tag="852"><subfield code="a">12211</subfield><subfield code="c">513.83</subfield></datafield><datafield ind1=" " ind2=" " tag="CAT"><subfield code="a">Sys</subfield><subfield code="c">20080605</subfield><subfield code="h">111912</subfield></datafield></record></collection>